<record><leader>00000cas a22000007a 4500</leader><controlfield tag="001">13239532</controlfield><controlfield tag="008">860305d19051932couwr ne      0    0eng d</controlfield><datafield ind1=" " ind2=" " tag="010"><subfield code="a">sn 86066890 </subfield></datafield><datafield ind1=" " ind2=" " tag="040"><subfield code="a">KSH</subfield><subfield code="b">eng</subfield><subfield code="c">KSH</subfield><subfield code="d">NPT</subfield><subfield code="d">CNQ</subfield><subfield code="d">OCL</subfield><subfield code="d">MGN</subfield><subfield code="d">OCLCQ</subfield></datafield><datafield ind1=" " ind2=" " tag="019"><subfield code="a">22291549</subfield></datafield><datafield ind1=" " ind2=" " tag="042"><subfield code="a">msc</subfield></datafield><datafield ind1="0" ind2=" " tag="130"><subfield code="a">Gunnison news-champion (Gunnison, Colo. : 1905)</subfield></datafield><datafield ind1="1" ind2="0" tag="245"><subfield code="a">Gunnison news-champion.</subfield></datafield><datafield ind1=" " ind2=" " tag="260"><subfield code="a">Gunnison, Colo. :</subfield><subfield code="b">H.F. Lake, Jr.</subfield></datafield><datafield ind1=" " ind2=" " tag="300"><subfield code="a">v.</subfield></datafield><datafield ind1=" " ind2=" " tag="310"><subfield code="a">Weekly</subfield></datafield><datafield ind1="0" ind2=" " tag="362"><subfield code="a">No. 38 (Sept. 22, 1905)-v. 52, no. 2 (Jan. 14, 1932).</subfield></datafield><datafield ind1=" " ind2=" " tag="530"><subfield code="a">Available on microfilm from the Colorado Historical Society.</subfield></datafield><datafield ind1=" " ind2=" " tag="752"><subfield code="a">United States</subfield><subfield code="b">Colorado</subfield><subfield code="c">Gunnison</subfield><subfield code="d">Gunnison.</subfield></datafield><datafield ind1="0" ind2="0" tag="780"><subfield code="t">Gunnison news-champion and tribune</subfield><subfield code="w">(DLC)sn 86066889</subfield></datafield><datafield ind1="0" ind2="7" tag="785"><subfield code="t">Gunnison republican and Pitkin miner</subfield><subfield code="w">(DLC)sn 90051569</subfield></datafield><datafield ind1="0" ind2="7" tag="785"><subfield code="t">Gunnison news-champion and the Gunnison republican</subfield><subfield code="w">(DLC)sn 86066891</subfield></datafield><datafield ind1="1" ind2=" " tag="029"><subfield code="a">AU@</subfield><subfield code="b">000025820270</subfield></datafield></record>